@article{deb2021nonparametric,
  title   = {Nonparametric quantile regression for time series with replicated observations and its application to climate data},
  author  = {Deb, Soudeep and Jana, Kaushik},
  journal = {arXiv preprint arXiv:2107.02091},
  year    = {2021}
}

@article{neves2021spatial,
  title     = {Spatial dependence and space-time trend in extreme events: Space-time trend in extremes},
  author    = {Einmahl, John HJ and Ferreira, Ana and de Haan, Laurens and Neves, Claudia and Zhou, Chen},
  journal   = {Annals of Statistics},
  year      = {2021},
  publisher = {Institute of Mathematical Statistics},
  note      = {In press}
}

@article{takeuchi2006nonparametric,
  title     = {Nonparametric quantile estimation},
  author    = {Takeuchi, Ichiro and Le, Quoc and Sears, Timothy and Smola, Alexander and others},
  year      = {2006},
  publisher = {MIT Press}
}

@article{koenker1978regression,
  title     = {Regression quantiles},
  author    = {Koenker, Roger and Bassett Jr, Gilbert},
  journal   = {Econometrica: journal of the Econometric Society},
  pages     = {33--50},
  year      = {1978},
  publisher = {JSTOR}
}

@article{dabo2012nonparametric,
  title     = {Nonparametric quantile regression estimation for functional dependent data},
  author    = {Dabo-Niang, Sophie and Laksaci, Ali},
  journal   = {Communications in statistics-Theory and methods},
  volume    = {41},
  number    = {7},
  pages     = {1254--1268},
  year      = {2012},
  publisher = {Taylor \& Francis}
}


@article{ferraty2005conditional,
  title     = {Conditional quantiles for dependent functional data with application to the climatic" el ni{\~n}o" phenomenon},
  author    = {Ferraty, Fr{\'e}d{\'e}ric and Rabhi, Abbes and Vieu, Philippe},
  journal   = {Sankhy{\=a}: The Indian Journal of Statistics},
  pages     = {378--398},
  year      = {2005},
  publisher = {JSTOR}
}

@article{ezzahrioui2008asymptotic,
  title     = {Asymptotic results of a nonparametric conditional quantile estimator for functional time series},
  author    = {Ezzahrioui, M'hamed and Ould-Sa{\"\i}d, Elias},
  journal   = {Communications in Statisticsâ€”Theory and Methods},
  volume    = {37},
  number    = {17},
  pages     = {2735--2759},
  year      = {2008},
  publisher = {Taylor \& Francis}
}

@article{chaudhuri1996geometric,
  title     = {On a geometric notion of quantiles for multivariate data},
  author    = {Chaudhuri, Probal},
  journal   = {Journal of the American Statistical Association},
  volume    = {91},
  number    = {434},
  pages     = {862--872},
  year      = {1996},
  publisher = {Taylor \& Francis}
}

@article{petersen2008matrix,
  title   = {The matrix cookbook},
  author  = {Petersen, Kaare Brandt and Pedersen, Michael Syskind and others},
  journal = {Technical University of Denmark},
  volume  = {7},
  number  = {15},
  pages   = {510},
  year    = {2008}
}

@article{alvarez2011kernels,
  title   = {Kernels for vector-valued functions: A review},
  author  = {Alvarez, Mauricio A and Rosasco, Lorenzo and Lawrence, Neil D},
  journal = {arXiv preprint arXiv:1106.6251},
  year    = {2011}
}

@article{zhao2008confidence,
  title     = {Confidence bands in nonparametric time series regression},
  author    = {Zhao, Zhibiao and Wu, Wei Biao},
  journal   = {The Annals of Statistics},
  volume    = {36},
  number    = {4},
  pages     = {1854--1878},
  year      = {2008},
  publisher = {Institute of Mathematical Statistics}
}

@article{eddy1985ordering,
  title   = {Ordering of multivariate data},
  author  = {Eddy, William F},
  journal = {Computer Science and Statistics: The Interface. L. Billard, Amesterdam: North-Holland},
  pages   = {25--30},
  year    = {1985}
}

@article{einmahl1992generalized,
  title     = {Generalized quantile processes},
  author    = {Einmahl, John HJ and Mason, David M},
  journal   = {The Annals of Statistics},
  pages     = {1062--1078},
  year      = {1992},
  publisher = {JSTOR}
}

@article{figalli2018continuity,
  title     = {On the continuity of center-outward distribution and quantile functions},
  author    = {Figalli, Alessio},
  journal   = {Nonlinear Analysis},
  volume    = {177},
  pages     = {413--421},
  year      = {2018},
  publisher = {Elsevier}
}